@online{bibtex_description,
  author = {Dana Jacobsen},
  title = {BibTeX},
  year = 1995,
  url = {http://www.cs.arizona.edu/~collberg/Teaching/07.231/BibTeX/bibtex.html},
  urldate = {2015-10-03}
}

@online{bibtex_resource,
  author = {Alexander Feder},
  title = {Your BibTeX resource},
  year = 2006,
  url = {http://www.bibtex.org/},
  urldate = {2015-10-03}
}